@online{RFC,
  author = {RFC 792 (ICMP)},
  howpublished = "\url{http://www.ietf.org/rfc/rfc792.txt}"
}

@online{traceroute,
  author = {Traceroute (Wikipedia)},
  howpublished = "\url{http://en.wikipedia.org/wiki/Traceroute}"
}

@online{cimbala2011outliers,
  title={Outliers},
  author={Cimbala, John M},
  journal={Penn State Univ},
  year={2011},
  howpublished = "\url{http://www.mne.psu.edu/cimbala/me345/Lectures/Outliers.pdf}"
}

@online{jobst2012traceroute,
  title={Traceroute Anomalies},
  author={Jobst, Martin Erich},
  journal={Network},
  volume={9},
  year={2012},
  publisher={Citeseer},
  howpublished = "\url{http://www.net.in.tum.de/fileadmin/TUM/NET/NET-2012-08-1/
NET-2012-08-1_02.pdf}"
}

@online{botnet2013internet,
  title={Internet census 2012: Port scanning using insecure embedded devices},
  author={Botnet, Carna},
  howpublished = "\url{http://internetcensus2012. bitbucket.org/paper.html}",
  year={2013}
}
